<?xml version="1.0" encoding="UTF-8"?><collection xmlns="http://www.loc.gov/MARC21/slim"><record><leader>00502nam--2200181-u-4500</leader><controlfield tag="001">000053833</controlfield><controlfield tag="002">20161230</controlfield><controlfield tag="005">20161230201051</controlfield><controlfield tag="008">110627s1000------------r-----000-0-rus-d</controlfield><datafield ind1=" " ind2=" " tag="040"><subfield code="a">IFIN-HH</subfield></datafield><datafield ind1=" " ind2=" " tag="041"><subfield code="a">rus</subfield></datafield><datafield ind1=" " ind2=" " tag="080"><subfield code="a">537.874.6</subfield></datafield><datafield ind1="1" ind2=" " tag="100"><subfield code="a">Ilinskii, A.S</subfield></datafield><datafield ind1="1" ind2="0" tag="245"><subfield code="a">Kolebania i volni v elektro-dinamiceskih cictemah s poteriami</subfield><subfield code="c">A.s. ilinskii; g.ia. slepiai</subfield></datafield><datafield ind1=" " ind2=" " tag="260"><subfield code="a">Moskva</subfield><subfield code="b">Moskovskogo Universiteta</subfield><subfield code="c">1983</subfield></datafield><datafield ind1=" " ind2=" " tag="300"><subfield code="a">231P</subfield></datafield><datafield ind1=" " ind2=" " tag="852"><subfield code="a">71554</subfield><subfield code="c">537:538</subfield></datafield><datafield ind1=" " ind2=" " tag="CAT"><subfield code="a">Sys</subfield><subfield code="c">20110627</subfield><subfield code="h">104322</subfield></datafield></record></collection>